% Encoding: UTF-8

@Book{Hesse2014,
  title     = {Sensoren für die Prozess- und Fabrikautomation - Funktion - Ausführung - Anwendung},
  publisher = {Springer-Verlag},
  year      = {2014},
  author    = {Hesse, Stefan AND Schnell, Gerhard},
  address   = {Berlin Heidelberg New York},
  isbn      = {978-3-658-05867-8},
}

@Misc{Gammel2013,
  author       = {John Gammel},
  title        = {Messung der relativen Luftfeuchtigkeit},
  howpublished = {Website},
  month        = may,
  year         = {2013},
  note         = {Online abgerufen unter \url{https://www.all-electronics.de/messung-der-relativen-luftfeuchtigkeit/}; abgerufen am 03. Oktober 2018.},
}

@Misc{Giessereilexikon,
  author       = {Giessereilexikon},
  title        = {Feuchtemessung},
  howpublished = {Website},
  note         = {Online abgerufen unter \url{https://www.giessereilexikon.com/giesserei-lexikon/Encyclopedia/show/feuchtemessung-794/?cHash=25196d308b97d2c3406b6ee38a0cfd4f}; abgerufen am 27. September 2018.},
}

@Misc{Wikipedia2017,
  author       = {Wikipedia},
  title        = {Taupunktspiegelhygrometer},
  howpublished = {Website},
  month        = jan,
  year         = {2017},
  note         = {Online abgerufen unter \url{https://de.wikipedia.org/wiki/Taupunktspiegelhygrometer }; abgerufen am 27. September 2018.},
}

@Misc{MeteoSchweiz2014,
  author       = {MeteoSchweiz},
  title        = {Messinstrumente},
  howpublished = {Website},
  month        = dec,
  year         = {2014},
  note         = {Online abgerufen unter \url{https://www.meteoschweiz.admin.ch/home/mess-und-prognosesysteme/bodenstationen/automatisches-messnetz/messinstrumente.html}; abgerufen am 27. September 2018.},
}

@Misc{PfefferkeineAngaben,
  author       = {Gerd Pfeffer},
  title        = {Taupunkt},
  howpublished = {Website},
  year         = {keine Angaben},
  note         = {Online abgerufen unter \url{http://www.gerd-pfeffer.de/atm_feuchte2.html}; abgerufen am 03. Oktober 2018.},
}

@Misc{MeteolaborkeineAngaben,
  author       = {Meteolabor},
  title        = {Ventiliertes Thermo-Hygrometer Thygan (VTP6, VTP37)},
  howpublished = {Website},
  year         = {keine Angaben},
  note         = {Online abgerufen unter \url{http://www.meteolabor.ch/meteo-messgeraete/wetterstationen/}; abgerufen am 03. Oktober 2018.},
}

@Misc{Meteolabor2018,
  author       = {Meteolabor AG},
  title        = {Thermo-Hygrometer VTP37},
  howpublished = {Datasheet},
  year         = {2018},
}

@Comment{jabref-meta: databaseType:bibtex;}
